<record><leader>00000cas a2200000 a 4500</leader><controlfield tag="001">30930780</controlfield><controlfield tag="008">940811c18849999ilucr ne      0   a0eng c</controlfield><datafield ind1=" " ind2=" " tag="010"><subfield code="a">sn 94054500 </subfield></datafield><datafield ind1=" " ind2=" " tag="040"><subfield code="a">NVF</subfield><subfield code="b">eng</subfield><subfield code="c">NVF</subfield><subfield code="d">OCL</subfield><subfield code="d">CVF</subfield><subfield code="d">NVF</subfield><subfield code="d">OCLCQ</subfield><subfield code="d">NVF</subfield><subfield code="d">OCLCF</subfield><subfield code="d">NVF</subfield><subfield code="d">DLC</subfield></datafield><datafield ind1=" " ind2=" " tag="042"><subfield code="a">pcc</subfield></datafield><datafield ind1=" " ind2=" " tag="043"><subfield code="a">n-us-il</subfield></datafield><datafield ind1="0" ind2="0" tag="050"><subfield code="a">Newspaper</subfield></datafield><datafield ind1="0" ind2="0" tag="245"><subfield code="a">Downers Grove reporter.</subfield></datafield><datafield ind1="1" ind2=" " tag="246"><subfield code="i">Published as:</subfield><subfield code="a">Reporter</subfield><subfield code="f">July 19, 1967-Dec. 6, 1972</subfield></datafield><datafield ind1="1" ind2=" " tag="246"><subfield code="i">Friday issue of semiweekly published as:</subfield><subfield code="a">Downers Grove reporter extra</subfield><subfield code="f">Mar. 21, 1986-May 6, 1988</subfield></datafield><datafield ind1=" " ind2=" " tag="260"><subfield code="a">Downers Grove, Du Page County, Ill. :</subfield><subfield code="b">H.C. Paddock,</subfield><subfield code="c">1884-</subfield></datafield><datafield ind1="3" ind2=" " tag="260"><subfield code="3">&lt;Jan. 14-Dec. 30, 1887&gt;</subfield><subfield code="a">Wheaton, Ill. :</subfield><subfield code="b">[s.n.]</subfield></datafield><datafield ind1=" " ind2=" " tag="300"><subfield code="a">v.</subfield></datafield><datafield ind1=" " ind2=" " tag="310"><subfield code="a">Semiweekly,</subfield><subfield code="b">Mar. 21, 1986-</subfield></datafield><datafield ind1=" " ind2=" " tag="321"><subfield code="a">Weekly,</subfield><subfield code="b">&lt;June 20, 1884&gt;-Mar. 19, 1986</subfield></datafield><datafield ind1="1" ind2=" " tag="362"><subfield code="a">Began in 1884.</subfield></datafield><datafield ind1=" " ind2=" " tag="515"><subfield code="a">Issue for &lt;Oct. 13, 1893&gt; called also &lt;v. 1, no. 38&gt;. Issues for &lt;Feb. 23, 1912&gt;-May 19, 1922 called also whole no. &lt;1483&gt;-1997.</subfield></datafield><datafield ind1=" " ind2=" " tag="588"><subfield code="a">Description based on: Vol. 1, no. 10 (June 20, 1884).</subfield></datafield><datafield ind1=" " ind2="0" tag="651"><subfield code="a">Downers Grove (Ill.)</subfield><subfield code="v">Newspapers.</subfield></datafield><datafield ind1=" " ind2="7" tag="651"><subfield code="a">Illinois</subfield><subfield code="z">Downers Grove.</subfield><subfield code="2">fast</subfield><subfield code="0">(OCoLC)fst01212335</subfield></datafield><datafield ind1=" " ind2="7" tag="655"><subfield code="a">Newspapers.</subfield><subfield code="2">fast</subfield><subfield code="0">(OCoLC)fst01423814</subfield></datafield><datafield ind1=" " ind2=" " tag="752"><subfield code="a">United States</subfield><subfield code="b">Illinois</subfield><subfield code="c">DuPage</subfield><subfield code="d">Downers Grove.</subfield></datafield><datafield ind1=" " ind2=" " tag="752"><subfield code="a">United States</subfield><subfield code="b">Illinois</subfield><subfield code="c">DuPage</subfield><subfield code="d">Wheaton.</subfield></datafield><datafield ind1="1" ind2=" " tag="029"><subfield code="a">AU@</subfield><subfield code="b">000011230086</subfield></datafield></record>